%% LaTeX2e file `references.bib'
%% generated by the `filecontents' environment
%% from source `main' on 2019/12/06.
%%
@online{book,
  author = {"David Harris, Sarah Harris"},
  title = {"Digital Design and Computer Architecture"},
  year = {2012},
  journal = {Elsevier Science & Technology},
  howpublished = {"ProQuest Ebook Central, \url{http://ebookcentral.proquest.com/lib/osu/detail.action?docID=980017}"}}

@misc{dennard, title={IBM’s DRAM inventor Bob Dennard gets chip industry’s highest honor}, url={https://venturebeat.com/2019/11/07/ibms-dram-inventor-bob-dennard-gets-chip-industrys-highest-honor/}, publisher={Venture Business}, author={Takahashi, Dean}, year={2019}, month={November}}

@misc{fujio, title={Unsung Hero}, url={https://www.forbes.com/global/2002/0624/030.html#1406a92a3da3}, publisher={Forbes}, author={Fulford, Benjamin}, year={2002}, month={June}}
